<?xml version="1.0" encoding="UTF-8"?><collection xmlns="http://www.loc.gov/MARC21/slim"><record><leader>00576nam--2200181-u-4500</leader><controlfield tag="001">000053560</controlfield><controlfield tag="002">20161230</controlfield><controlfield tag="005">20161230201051</controlfield><controlfield tag="008">110427s1000------------r-----000-0-eng-d</controlfield><datafield ind1=" " ind2=" " tag="020"><subfield code="a">9171462783</subfield></datafield><datafield ind1=" " ind2=" " tag="040"><subfield code="a">IFIN-HH</subfield></datafield><datafield ind1=" " ind2=" " tag="080"><subfield code="a">535.37:621.375.826(043)</subfield></datafield><datafield ind1="1" ind2=" " tag="100"><subfield code="a">Ismail, Sanaa Mohammad</subfield></datafield><datafield ind1="1" ind2="0" tag="245"><subfield code="a">Studies of the spectrum and strucutre of cah and cad and the laser induced fluorescence spectrum of diatomic lead</subfield><subfield code="c">Sanaa mohammad ismail</subfield></datafield><datafield ind1=" " ind2=" " tag="260"><subfield code="a">Stockholm</subfield><subfield code="b">University Of Stocholm</subfield><subfield code="c">1984</subfield></datafield><datafield ind1=" " ind2=" " tag="300"><subfield code="a">18P</subfield></datafield><datafield ind1=" " ind2=" " tag="852"><subfield code="a">71877</subfield><subfield code="c">535.37</subfield></datafield><datafield ind1=" " ind2=" " tag="CAT"><subfield code="a">Sys</subfield><subfield code="c">20110427</subfield><subfield code="h">162339</subfield></datafield></record></collection>